
@article{brown1975,
   author = {M. B. Brown},
   title = {400: A Method for Combining Non-Independent, One-Sided Tests of Significance},
   journal = {Biometrics},
   year = {1975},
   pages = {987 - 992},
}

@book{tippett1931,
   author = {L. H. C. Tippett},
   title = {The Methods of Statistics},
   publisher = {London: Williams \& Norgate},
   year = {1931},
}
